@article{wood2014ethereum,
  title={Ethereum: A secure decentralised generalised transaction ledger},
  author={Wood, Gavin and others},
  journal={Ethereum project yellow paper},
  volume={151},
  number={2014},
  pages={1--32},
  year={2014}
}

@article{ciobanu2021solis,
  title={SOLIS--The MLOps journey from data acquisition to actionable insights},
  author={Ciobanu, Razvan and Purdila, Alexandru and Piciu, Laurentiu and Damian, Andrei},
  journal={arXiv preprint arXiv:2112.11925},
  year={2021}
}

@article{nofer2017blockchain,
  title={Blockchain},
  author={Nofer, Michael and Gomber, Peter and Hinz, Oliver and Schiereck, Dirk},
  journal={Business \& Information Systems Engineering},
  volume={59},
  number={3},
  pages={183--187},
  year={2017},
  publisher={Springer}
}

@article{zheng2018blockchain,
  title={Blockchain challenges and opportunities: A survey},
  author={Zheng, Zibin and Xie, Shaoan and Dai, Hong-Ning and Chen, Xiangping and Wang, Huaimin},
  journal={International journal of web and grid services},
  volume={14},
  number={4},
  pages={352--375},
  year={2018},
  publisher={Inderscience Publishers (IEL)}
}

@article{pisal2021rise,
  title={Rise of Facebook, Amazon, Apple, Netflix, Google during COVID-19 pandemic},
  author={Pisal, Shivraj},
  year={2021}
}

@article{monrat2019survey,
  title={A survey of blockchain from the perspectives of applications, challenges, and opportunities},
  author={Monrat, Ahmed Afif and Schel{\'e}n, Olov and Andersson, Karl},
  journal={IEEE Access},
  volume={7},
  pages={117134--117151},
  year={2019},
  publisher={IEEE}
}



@book{hansmann2003pervasive,
  title={Pervasive computing: The mobile world},
  author={Hansmann, Uwe and Merk, Lothar and Nicklous, Martin S and Stober, Thomas},
  year={2003},
  publisher={Springer Science \& Business Media}
}

@book{hansmann2013pervasive,
  title={Pervasive computing handbook},
  author={Hansmann, Uwe and Merk, Lothar and Nicklous, Martin S and Stober, Thomas},
  year={2013},
  publisher={Springer Science \& Business Media}
}

@article{chan2017fog,
  title={Fog brings the cloud closer to the ground: Cisco innovates in fog computing},
  author={Chan, S},
  journal={URL: https://newsroom. cisco. com/featurecontent},
  year={2017}
}

@book{voshmgir2019token,
  title={What is the token economy?},
  author={Voshmgir, Shermin},
  year={2019},
  publisher={O'Reilly Media, Incorporated}
}

@article{sunyaev2021token,
  title={Token economy},
  author={Sunyaev, Ali and Kannengie{\ss}er, Niclas and Beck, Roman and Treiblmaier, Horst and Lacity, Mary and Kranz, Johann and Fridgen, Gilbert and Spankowski, Ulli and Luckow, Andr{\'e}},
  journal={Business \& Information Systems Engineering},
  volume={63},
  number={4},
  pages={457--478},
  year={2021},
  publisher={Springer}
}

@article{conti2012looking,
  title={Looking ahead in pervasive computing: Challenges and opportunities in the era of cyber--physical convergence},
  author={Conti, Marco and Das, Sajal K and Bisdikian, Chatschik and Kumar, Mohan and Ni, Lionel M and Passarella, Andrea and Roussos, George and Tr{\"o}ster, Gerhard and Tsudik, Gene and Zambonelli, Franco},
  journal={Pervasive and mobile computing},
  volume={8},
  number={1},
  pages={2--21},
  year={2012},
  publisher={Elsevier}
}

@article{krizhevsky2012imagenet,
  title={Imagenet classification with deep convolutional neural networks},
  author={Krizhevsky, Alex and Sutskever, Ilya and Hinton, Geoffrey E},
  journal={Advances in neural information processing systems},
  volume={25},
  pages={1097--1105},
  year={2012}
}


@inproceedings{abadi2016tensorflow,
  title={Tensorflow: A system for large-scale machine learning},
  author={Abadi, Mart{\'\i}n and Barham, Paul and Chen, Jianmin and Chen, Zhifeng and Davis, Andy and Dean, Jeffrey and Devin, Matthieu and Ghemawat, Sanjay and Irving, Geoffrey and Isard, Michael and others},
  booktitle={12th $\{$USENIX$\}$ symposium on operating systems design and implementation ($\{$OSDI$\}$ 16)},
  pages={265--283},
  year={2016}
}

@article{paszke2019pytorch,
  title={Pytorch: An imperative style, high-performance deep learning library},
  author={Paszke, Adam and Gross, Sam and Massa, Francisco and Lerer, Adam and Bradbury, James and Chanan, Gregory and Killeen, Trevor and Lin, Zeming and Gimelshein, Natalia and Antiga, Luca and others},
  journal={Advances in neural information processing systems},
  volume={32},
  pages={8026--8037},
  year={2019}
}

@article{devito2019torchscript,
  title={TorchScript},
  author={DeVito et al},
  journal={https://pytorch.org/docs/1.9.0/jit.html},
  year={2019}
}

@inproceedings{mullapudi2018hydranets,
  title={Hydranets: Specialized dynamic architectures for efficient inference},
  author={Mullapudi, Ravi Teja and Mark, William R and Shazeer, Noam and Fatahalian, Kayvon},
  booktitle={Proceedings of the IEEE Conference on Computer Vision and Pattern Recognition},
  pages={8080--8089},
  year={2018}
}

@inproceedings{tan2019efficientnet,
  title={Efficientnet: Rethinking model scaling for convolutional neural networks},
  author={Tan, Mingxing and Le, Quoc},
  booktitle={International Conference on Machine Learning},
  pages={6105--6114},
  year={2019},
  organization={PMLR}
}

%%%% RELATED WORK

@article{bai2019onnx,
  title={Onnx: Open neural network exchange},
  author={Bai, Junjie and Lu, Fang and Zhang, Ke and others},
  journal={GitHub repository},
  year={2019}
}


@inproceedings{shridhar2020interoperating,
  title={Interoperating Deep Learning models with ONNX. jl},
  author={Shridhar, Ayush and Tomson, Phil and Innes, Mike},
  booktitle={Proceedings of the JuliaCon Conferences},
  volume={1},
  pages={59},
  year={2020}
}

@article{olston2017tensorflow,
  title={Tensorflow-serving: Flexible, high-performance ml serving},
  author={Olston, Christopher and Fiedel, Noah and Gorovoy, Kiril and Harmsen, Jeremiah and Lao, Li and Li, Fangwei and Rajashekhar, Vinu and Ramesh, Sukriti and Soyke, Jordan},
  journal={arXiv preprint arXiv:1712.06139},
  year={2017}
}


@incollection{bisong2019kubeflow,
  title={Kubeflow and kubeflow pipelines},
  author={Bisong, Ekaba},
  booktitle={Building Machine Learning and Deep Learning Models on Google Cloud Platform},
  pages={671--685},
  year={2019},
  publisher={Springer}
}

@incollection{del2018introducing,
  title={Introducing microsoft cognitive services},
  author={Del Sole, Alessandro},
  booktitle={Microsoft Computer Vision APIs Distilled},
  pages={1--4},
  year={2018},
  publisher={Springer}
}

@misc{tensorflow2015-whitepaper,
title={ {TensorFlow}: Large-Scale Machine Learning on Heterogeneous Systems},
url={https://www.tensorflow.org/},
note={Software available from tensorflow.org},
author={
    Mart\'{\i}n~Abadi and
    Ashish~Agarwal and
    Paul~Barham and
    Eugene~Brevdo and
    Zhifeng~Chen and
    Craig~Citro and
    Greg~S.~Corrado and
    Andy~Davis and
    Jeffrey~Dean and
    Matthieu~Devin and
    Sanjay~Ghemawat and
    Ian~Goodfellow and
    Andrew~Harp and
    Geoffrey~Irving and
    Michael~Isard and
    Yangqing Jia and
    Rafal~Jozefowicz and
    Lukasz~Kaiser and
    Manjunath~Kudlur and
    Josh~Levenberg and
    Dandelion~Man\'{e} and
    Rajat~Monga and
    Sherry~Moore and
    Derek~Murray and
    Chris~Olah and
    Mike~Schuster and
    Jonathon~Shlens and
    Benoit~Steiner and
    Ilya~Sutskever and
    Kunal~Talwar and
    Paul~Tucker and
    Vincent~Vanhoucke and
    Vijay~Vasudevan and
    Fernanda~Vi\'{e}gas and
    Oriol~Vinyals and
    Pete~Warden and
    Martin~Wattenberg and
    Martin~Wicke and
    Yuan~Yu and
    Xiaoqiang~Zheng},
  year={2015},
}

@article{pedregosa2011scikit,
  title={Scikit-learn: Machine learning in Python},
  author={Pedregosa, Fabian and Varoquaux, Ga{\"e}l and Gramfort, Alexandre and Michel, Vincent and Thirion, Bertrand and Grisel, Olivier and Blondel, Mathieu and Prettenhofer, Peter and Weiss, Ron and Dubourg, Vincent and others},
  journal={the Journal of machine Learning research},
  volume={12},
  pages={2825--2830},
  year={2011},
  publisher={JMLR. org}
}

@techreport{RFC2616,
  author = {Roy T. Fielding and James Gettys and Jeffrey C. Mogul and Henrik Frystyk Nielsen and Larry Masinter and Paul J. Leach and Tim Berners-Lee},
  title = {Hypertext Transfer Protocol -- HTTP/1.1},
  howpublished = {Internet Requests for Comments},
  type = {RFC},
  number = {2616},
  year = {1999},
  month = {June},
  issn = {2070-1721},
  publisher = {RFC Editor},
  institution = {RFC Editor},
  url = {http://www.rfc-editor.org/rfc/rfc2616.txt},
  note = {\url{http://www.rfc-editor.org/rfc/rfc2616.txt}},
}

 @misc{amqp, title={AMQP}, howpublished={\url{http://docs.oasis-open.org/amqp/core/v1.0/os/amqp-core-overview-v1.0-os.html#anchor-RFC2119}}} 
 
@misc{mqtt,
    title={MQTT},
    howpublished={\url{http://docs.oasis-open.org/mqtt/mqtt/v3.1.1/os/mqtt-v3.1.1-os.html}}
}



@inproceedings{hunkeler2008mqtt,
  title={MQTT-Sâ€”A publish/subscribe protocol for Wireless Sensor Networks},
  author={Hunkeler, Urs and Truong, Hong Linh and Stanford-Clark, Andy},
  booktitle={2008 3rd International Conference on Communication Systems Software and Middleware and Workshops (COMSWARE'08)},
  pages={791--798},
  year={2008},
  organization={IEEE}
}

@article{dean2008mapreduce,
  title={MapReduce: simplified data processing on large clusters},
  author={Dean, Jeffrey and Ghemawat, Sanjay},
  journal={Communications of the ACM},
  volume={51},
  number={1},
  pages={107--113},
  year={2008},
  publisher={ACM New York, NY, USA}
}

@article{vanrossum1995python,
  title={Python reference manual},
  author={vanRossum, Guido},
  journal={Department of Computer Science [CS]},
  number={R 9525},
  year={1995},
  publisher={CWI}
}

@book{wang2020edge,
  title={Edge AI: Convergence of edge computing and artificial intelligence},
  author={Wang, Xiaofei and Han, Yiwen and Leung, Victor CM and Niyato, Dusit and Yan, Xueqiang and Chen, Xu},
  year={2020},
  publisher={Springer}
}

@book{ajay2008distributed,
author = {Kshemkalyani, Ajay D. and Singhal, Mukesh},
title = {Distributed Computing: Principles, Algorithms, and Systems},
year = {2008},
isbn = {0521876346},
publisher = {Cambridge University Press},
address = {USA},
edition = {1},
abstract = {Designing distributed computing systems is a complex process requiring a solid understanding of the design problems and the theoretical and practical aspects of their solutions. This comprehensive textbook covers the fundamental principles and models underlying the theory, algorithms and systems aspects of distributed computing. Broad and detailed coverage of the theory is balanced with practical systems-related issues such as mutual exclusion, deadlock detection, authentication, and failure recovery. Algorithms are carefully selected, lucidly presented, and described without complex proofs. Simple explanations and illustrations are used to elucidate the algorithms. Important emerging topics such as peer-to-peer networks and network security are also considered. With state-of-the-art algorithms, numerous illustrations, examples and homework problems, this textbook is suitable for advanced undergraduate and graduate students of electrical and computer engineering and computer science. Practitioners in data networking and sensor networks will also find this a valuable resource. Additional resources are available online at www.cambridge.org/9780521876346.}
}

@INPROCEEDINGS{burkhardt2018ledger,  
author={Burkhardt, Daniel and Werling, Maximilian and Lasi, Heiner},  
booktitle={2018 IEEE International Conference on Engineering, Technology and Innovation (ICE/ITMC)},   
title={Distributed Ledger},   
year={2018},  
volume={},  
number={},  
pages={1-9},  
doi={10.1109/ICE.2018.8436299}}

@article{chandola2009anomaly,
  title={Anomaly detection: A survey},
  author={Chandola, Varun and Banerjee, Arindam and Kumar, Vipin},
  journal={ACM computing surveys (CSUR)},
  volume={41},
  number={3},
  pages={1--58},
  year={2009},
  publisher={ACM New York, NY, USA}
}


@book{mehrotra2017anomaly,
  title={Anomaly detection principles and algorithms},
  author={Mehrotra, Kishan G and Mohan, Chilukuri K and Huang, HuaMing},
  volume={1},
  year={2017},
  publisher={Springer}
}
@article{chalapathy2019deep,
  title={Deep learning for anomaly detection: A survey},
  author={Chalapathy, Raghavendra and Chawla, Sanjay},
  journal={arXiv preprint arXiv:1901.03407},
  year={2019}
}

@book{mobley2002introduction,
  title={An introduction to predictive maintenance},
  author={Mobley, R Keith},
  year={2002},
  publisher={Elsevier}
}

@article{zhao2019deep,
  title={Deep learning and its applications to machine health monitoring},
  author={Zhao, Rui and Yan, Ruqiang and Chen, Zhenghua and Mao, Kezhi and Wang, Peng and Gao, Robert X},
  journal={Mechanical Systems and Signal Processing},
  volume={115},
  pages={213--237},
  year={2019},
  publisher={Elsevier}
}
@article{stefanovic2015collaborative,
  title={Collaborative predictive business intelligence model for spare parts inventory replenishment},
  author={Stefanovic, Nenad},
  journal={Computer Science and Information Systems},
  volume={12},
  number={3},
  pages={911--930},
  year={2015}
}

@article{kilimci2019improved,
  title={An improved demand forecasting model using deep learning approach and proposed decision integration strategy for supply chain},
  author={Kilimci, Zeynep Hilal and Akyuz, A Okay and Uysal, Mitat and Akyokus, Selim and Uysal, M Ozan and Atak Bulbul, Berna and Ekmis, Mehmet Ali},
  journal={Complexity},
  volume={2019},
  year={2019},
  publisher={Hindawi}
}

@book{klimberg2016fundamentals,
  title={Fundamentals of predictive analytics with JMP},
  author={Klimberg, Ron and McCullough, Bruce D},
  year={2016},
  publisher={SAS Institute}
}

@inproceedings{kanawaday2017machine,
  title={Machine learning for predictive maintenance of industrial machines using IoT sensor data},
  author={Kanawaday, Ameeth and Sane, Aditya},
  booktitle={2017 8th IEEE international conference on software engineering and service science (ICSESS)},
  pages={87--90},
  year={2017},
  organization={IEEE}
}

@misc{bittorent,
    title={BitTorent},
    howpublished={\url{https://www.bittorrent.com/}}
}

@misc{ipfs,
    title={InterPlanetary File System},
    howpublished={\url{https://ipfs.tech/}}
}

@misc{btfs,
    title={BitTorent File System},
    howpublished={\url{https://www.btfs.io/#/}}
}

@misc{filecoin,
    title={Filecoin},
    howpublished={\url{https://filecoin.io/}}
}

@misc{oceanprotocol,
    title={Ocean Protocol},
    howpublished={\url{https://oceanprotocol.com/}}
}

@misc{singularitynet,
    title={SingularityNET},
    howpublished={\url{https://singularitynet.io/}}
}

@article{DBLP:journals/corr/abs-1907-07247,
  author    = {Justin D. Harris and
               Bo Waggoner},
  title     = {Decentralized {\&} Collaborative {AI} on Blockchain},
  journal   = {CoRR},
  volume    = {abs/1907.07247},
  year      = {2019},
  url       = {http://arxiv.org/abs/1907.07247},
  eprinttype = {arXiv},
  eprint    = {1907.07247},
  timestamp = {Tue, 23 Jul 2019 10:54:22 +0200},
  biburl    = {https://dblp.org/rec/journals/corr/abs-1907-07247.bib},
  bibsource = {dblp computer science bibliography, https://dblp.org}
}

@incollection{goldwasser2019knowledge,
  title={The knowledge complexity of interactive proof-systems},
  author={Goldwasser, Shafi and Micali, Silvio and Rackoff, Chales},
  booktitle={Providing Sound Foundations for Cryptography: On the Work of Shafi Goldwasser and Silvio Micali},
  pages={203--225},
  year={2019}
}

@article{benet2014ipfs,
  title={Ipfs-content addressed, versioned, p2p file system},
  author={Benet, Juan},
  journal={arXiv preprint arXiv:1407.3561},
  year={2014}
}

@article{wang2019decentralized,
  title={Decentralized autonomous organizations: Concept, model, and applications},
  author={Wang, Shuai and Ding, Wenwen and Li, Juanjuan and Yuan, Yong and Ouyang, Liwei and Wang, Fei-Yue},
  journal={IEEE Transactions on Computational Social Systems},
  volume={6},
  number={5},
  pages={870--878},
  year={2019},
  publisher={IEEE}
}